% ********** Bibliography **********

% ****************************************
% Your bibliography should be stored here
% ****************************************
@book{SemLyons,
    author = {Lyons, John},
    publisher = {Paidos Iberica},
    title = {Sem\'{a}ntica Ling\"{u}\'\i{}stica: Una Introducci\'on},
	isbn = {9788449304422},
    year = {1997}
}

@book{SGBDDIA,
    author = {Rob, Peter and Coronel, Carlos},
    publisher = {Thomson},
    title = {Sistemas de bases de datos: dise\~{n}o, implementaci\'{o}n y administraci\'{o}n},
	isbn = {9788449304422},
    year = {2004},
    edition = {05}
}

@inproceedings{MBSPap,
 author = {Brin, Sergey and Page, Lawrence},
 title = {The anatomy of a large-scale hypertextual Web search engine},
 booktitle = {Proceedings of the seventh international conference on World Wide Web 7},
 series = {WWW7},
 year = {1998},
 location = {Brisbane, Australia},
 pages = {107--117},
 numpages = {11},
 url = {http://dl.acm.org/citation.cfm?id=297805.297827},
 acmid = {297827},
 publisher = {Elsevier Science Publishers B. V.},
 address = {Amsterdam, The Netherlands, The Netherlands},
 keywords = {Google, PageRank, World Wide Web, information retrieval, search engines},
}

@INPROCEEDINGS{SemTecConc, 
author={Rilling, J. and Witte, R. and Gasevic, D. and Pan, J.Z.}, 
booktitle={Program Comprehension, 2008. ICPC 2008. The 16th IEEE International Conference on}, 
title={Semantic Technologies in System Maintenance (STSM 2008)}, 
year={2008}, 
pages={279-282}, 
keywords={software maintenance;semantic technology;software maintenance;system maintenance;Application software;Computer science;Information systems;Logic programming;OWL;Ontologies;Semantic Web;Software engineering;Software maintenance;Space technology}, 
doi={10.1109/ICPC.2008.38}, 
ISSN={1092-8138}}

@INPROCEEDINGS{SemTecRetr, 
author={Alfred, S. and Arpah, A. and Lim, L. H S and Sarinder, K. K S}, 
booktitle={Computer and Network Technology (ICCNT), 2010 Second International Conference on}, 
title={Semantic Technology: An Efficient Approach to Monogenean Information Retrieval}, 
year={2010}, 
pages={591-594}, 
keywords={image retrieval;information retrieval;ontologies (artificial intelligence);database management system;monogenean information retrieval;semantic technology;taxonomy ontology;Biodiversity;Bioinformatics;Biology;Database systems;Informatics;Information retrieval;OWL;Ontologies;Relational databases;Resource description framework;Monogenean;information retrieval;ontology;semantic}, 
doi={10.1109/ICCNT.2010.127}}

@article{BLURI98,
 author = {Berners-Lee, T. and Fielding, R. and Masinter, L.},
 title = {Uniform Resource Identifiers (URI): Generic Syntax},
 year = {1998},
 publisher = {RFC Editor},
 address = {United States}}

@techreport{Corpmem98,
    hal_id = {inria-00073203},
    url = {http://hal.inria.fr/inria-00073203},
    title = {{Methods and Tools for Corporate Knowledge Management}},
    author = {Dieng, Rose and Corby, Olivier and Giboin, Alain and Ribi{\`e}re, Myriam},
    abstract = {{This report presents a survey of some methods, techniques and tools aimed at managing corporate knowledge from a corporate memory (CM) designer's perspective. In particular, we analyze problems and solutions related to the following steps: detection of needs of CM, construction of the CM, its diffusion (specially using the Internet technologies), its use, its evaluation and its evolution.}},
    keywords = {CORPORATE MEMORY / ORGANIZATIONAL MEMORY / TECHNICAL MEMORY / KNOWLEDGE MANAGEMENT},
    language = {English},
    affiliation = {ACACIA - INRIA Sophia Antipolis},
    institution = {INRIA},
    number = {RR-3485},
    year = {1998},
    month = Sep,
    pdf = {http://hal.inria.fr/inria-00073203/PDF/RR-3485.pdf}}

@techreport{Ontoinra2002,
    hal_id = {inria-00072192},
    url = {http://hal.inria.fr/inria-00072192},
    title = {{Ontology Engineering: a Survey and a Return on Experience}},
    author = {Gandon, Fabien, L.},
    abstract = {{Ontology is a new object of IA that recently came to maturity and a powerful conceptual tool of Knowledge Modeling. It provides a coherent base to build on, and a shared reference to align with, in the form of a consensual conceptual vocabulary, on which one can build descriptions and communication acts. This report presents the object that is called "an ontology" and a state of the art of engineering techniques for ontologies. Then it describes a project for which we developed an ontology and used it to improve knowledge management. Finally it describes the design process and discuss the resulting ontology.}},
    keywords = {ONTOLOGY / KNOWLEDGE ENGINEERING / SEMANTIC INFORMATION SEARCH},
    language = {English},
    affiliation = {ACACIA - INRIA Sophia Antipolis},
    institution = {INRIA},
    number = {RR-4396},
    year = {2002},
    month = Mar,
    pdf = {http://hal.inria.fr/inria-00072192/PDF/RR-4396.pdf},
}

@article{TSW2001,
author = {T Berners-lee and J. Hendler and O. Lassila},
title = {{The Semantic Web: A new form of Web content that is meaningful to computers will unleash a revolution of new possibilities}},
year = {2001},
}

@techreport{rfc3986,
    author = {Berners-Lee, Tim and Fielding, Roy T. and Masinter, Larry},
    citeulike-article-id = {9890178},
    citeulike-linkout-0 = {http://www.rfc-editor.org/rfc/rfc3986.txt},
    citeulike-linkout-1 = {http://www.rfc-editor.org/rfc/rfc3986.txt},
    citeulike-linkout-2 = {http://tools.ietf.org/html/rfc3986},
    citeulike-linkout-3 = {http://tools.ietf.org/rfc/rfc3986.txt},
    howpublished = {Internet Requests for Comment},
    institution = {RFC Editor},
    issn = {2070-1721},
    keywords = {ietf, rfc, standard, uri, url, web},
    month = jan,
    number = {3986},
    posted-at = {2011-10-10 23:40:57},
    priority = {0},
    publisher = {RFC Editor},
    title = {Uniform Resource Identifier ({URI}): Generic Syntax},
    type = {RFC},
    url = {http://www.rfc-editor.org/rfc/rfc3986.txt},
    year = {2005}
}

@book{RDF-CONCEPTS,
    citeulike-linkout-0 = {http://www.w3.org/TR/rdf-concepts/},
    day = {10},
    editor = {Klyne, Graham and Carroll, Jeremy J.},
    institution = {W3C},
    keywords = {dt, dt-n7, rdf, w3c},
    month = feb,
    posted-at = {2007-08-12 19:38:42},
    priority = {2},
    publisher = {World Wide Web Consortium},
    series = {W3C Recommendation},
    title = {{Resource Description Framework (RDF): Concepts and Abstract Syntax}},
    url = {http://www.w3.org/TR/rdf-concepts/},
    year = {2004}
}

@INPROCEEDINGS{SurvSemWeb2012, 
author={Bouzid, S. and Cauvet, C. and Pinaton, J.}, 
booktitle={Information Retrieval Knowledge Management (CAMP), 2012 International Conference on}, 
title={A survey of semantic web standards to representing knowledge in problem solving situations}, 
year={2012}, 
pages={121-125}, 
keywords={information resources;information retrieval;ontologies (artificial intelligence);problem solving;semantic Web;information access;information resource;information retrieval;knowledge representation;knowledge sharing;ontology;problem solving;semantic Web;semantic annotation;software asset;OWL;Ontologies;Problem-solving;Resource description framework;Semantics;Standards;Knowledge Representation;Problem Solving;Semantic web}, 
doi={10.1109/InfRKM.2012.6205018},}

@article{Corcho:2006,
 author = {Corcho, Oscar},
 title = {Ontology based document annotation\&\#58; trends and open research problems},
 journal = {Int. J. Metadata Semant. Ontologies},
 issue_date = {January 2006},
 volume = {1},
 number = {1},
 month = jan,
 year = {2006},
 issn = {1744-2621},
 pages = {47--57},
 numpages = {11},
 url = {http://dx.doi.org/10.1504/IJMSO.2006.008769},
 doi = {10.1504/IJMSO.2006.008769},
 acmid = {1359872},
 publisher = {Inderscience Publishers},
 address = {Inderscience Publishers, Geneva, SWITZERLAND},
 keywords = {document annotation, electronic documents, formal languages, metadata, ontologies, ontology},
}

@article{Uren:2006,
 author = {Uren, Victoria and Cimiano, Philipp and Iria, Jos{\'e} and Handschuh, Siegfried and Vargas-Vera, Maria and Motta, Enrico and Ciravegna, Fabio},
 title = {Semantic annotation for knowledge management: Requirements and a survey of the state of the art},
 journal = {Web Semantics: Science, Services and Agents
on the World Wide Web},
 issue_date = {January, 2006},
 volume = {4},
 number = {1},
 month = jan,
 year = {2006},
 issn = {1570-8268},
 pages = {14--28},
 numpages = {15},
 url = {http://dx.doi.org/10.1016/j.websem.2005.10.002},
 doi = {10.1016/j.websem.2005.10.002},
 acmid = {1747390},
 publisher = {Elsevier Science Publishers B. V.},
 address = {Amsterdam, The Netherlands, The Netherlands},
 keywords = {Automation, Knowledge management, Semantic annotation},
}

@Book{Cunningham2011a,
author = {Hamish Cunningham and Diana Maynard and Kalina Bontcheva and Valentin Tablan and Niraj Aswani and Ian Roberts and Genevieve Gorrell and Adam Funk and Angus Roberts and Danica Damljanovic and Thomas Heitz and Mark A. Greenwood and Horacio Saggion and Johann Petrak and Yaoyong Li and Wim Peters},
title = {{Text Processing with GATE (Version 6)}},
isbn = {9780956599315},
year = 2011,
url = {http://tinyurl.com/gatebook}
}

@inproceedings{Han:2008,
 author = {Han, Lushan and Finin, Tim and Parr, Cynthia and Sachs, Joel and Joshi, Anupam},
 title = {RDF123: From Spreadsheets to RDF},
 booktitle = {Proceedings of the 7th International Conference on The Semantic Web},
 series = {ISWC '08},
 year = {2008},
 isbn = {9783540885634},
 location = {Karlsruhe, Germany},
 pages = {451--466},
 numpages = {16},
 url = {http://dx.doi.org/10.1007/978-3-540-88564-1_29},
 doi = {10.1007/978-3-540-88564-1_29},
 acmid = {1483193},
 publisher = {Springer-Verlag},
 address = {Berlin, Heidelberg},
 keywords = {Data interoperability, RDF, Spreadsheets, Web services},
}

@incollection{Dasiopoulou:2011,
 author = {Dasiopoulou, Stamatia and Giannakidou, Eirini and Litos, Georgios and Malasioti, Polyxeni and Kompatsiaris, Yiannis},
 chapter = {A survey of semantic image and video annotation tools},
 title = {Knowledge-driven multimedia information extraction and ontology evolution},
 editor = {Paliouras, Georgios and Spyropoulos, Constantine D. and Tsatsaronis, George},
 year = {2011},
 isbn = {978-3-642-20794-5},
 pages = {196--239},
 numpages = {44},
 url = {http://dl.acm.org/citation.cfm?id=2001069.2001077},
 acmid = {2001077},
 publisher = {Springer-Verlag},
 address = {Berlin, Heidelberg},
}

@article{Popov:2004,
 author = {Popov, Borislav and Kiryakov, Atanas and Ognyanoff, Damyan and Manov, Dimitar and Kirilov, Angel},
 title = {KIM: a semantic platform for information extraction and retrieval},
 journal = {Nat. Lang. Eng.},
 issue_date = {September 2004},
 volume = {10},
 number = {3-4},
 month = sep,
 year = {2004},
 issn = {1351-3249},
 pages = {375--392},
 numpages = {18},
 url = {http://dx.doi.org/10.1017/S135132490400347X},
 doi = {10.1017/S135132490400347X},
 acmid = {1030327},
 publisher = {Cambridge University Press},
 address = {New York, NY, USA},
}

@webpage{Seaborne2010,
  added-at = {2011-08-19T12:45:25.000+0200},
  author = {Seaborne, Andy},
  biburl = {http://www.bibsonomy.org/bibtex/244d583dee9d5c94099035759fb35ebcc/zazi},
  interhash = {3b84a6df6a08c7eef24a73046eb5de86},
  intrahash = {44d583dee9d5c94099035759fb35ebcc},
  keywords = {imported},
  lastchecked = {12-01-2011},
  month = {November},
  owner = {zazi},
  timestamp = {2011-08-19T12:45:25.000+0200},
  title = {{Jena, a Semantic Web Framework}},
  url = {http://wiki.apache.org/incubator/JenaProposal},
  year = 2010
}

@ARTICLE{McBride, 
author={McBride, B.}, 
journal={Internet Computing, IEEE}, 
title={Jena: a semantic Web toolkit}, 
year={2002}, 
volume={6}, 
number={6}, 
pages={55-59}, 
keywords={Internet;Java;application program interfaces;Java application programming interface;Jena;semantic Web Toolkit;semantic Web information model;semantic Web languages;Computer displays;Humans;Image coding;Indexing;Java;Navigation;Resource description framework;Semantic Web;Writing;XML}, 
doi={10.1109/MIC.2002.1067737}, 
ISSN={1089-7801},}

@article{2013interlinking,
  author = {Dietze, Stefan and Sanchez-Alonso, Salvador and Ebner, Hannes and Yu, Harry and Giordano, Daniela and Marenzi, Ivana and Nunes, Bernardo Pereira},
  journal = {Emerald Program: electronic Library and Information Systems},
  keywords = {sys:relevantfor:l3s analytics data educational interlinking myown resources web},
  number = 1,
  tech = {Volume 47},
  timestamp = {2012-11-26T21:04:08.000+0100},
  title = {Interlinking educational Resources and the Web of Data - a Survey of Challenges and Approaches},
  volume = 47,
  year = 2013
}

@article{MuhleisenWT11,
  author = {M\"{u}hleisen, Hannes and Walther, Tilman and Tolksdorf, Robert},
  ee = {http://dx.doi.org/10.1108/17440081111165866},
  journal = {International Journal of Web Information Systems (IJWIS)},
  keywords = {dblp},
  number = 3,
  pages = {205-222},
  title = {A survey on self-organized semantic storage.},
  url = {http://dblp.uni-trier.de/db/journals/ijwis/ijwis7.html#MuhleisenWT11},
  volume = 7,
  year = 2011
}

@ARTICLE{Markus2012DLprimer,
  AUTHOR = {Markus Kr\"{o}tzsch and Franti\v{s}ek Siman\v{c}\'{i}k and Ian Horrocks},
  EE = {http://arxiv.org/abs/1201.4089},
  JOURNAL = {Computing Research Repository (CoRR)},
  TITLE = {A Description Logic Primer},
  URL = {http://arxiv.org/abs/1201.4089},
  VOLUME = {abs/1201.4089},
  YEAR = {2012},
  BDSK-URL-1 = {http://arxiv.org/abs/1201.4089}
}

@INCOLLECTION{DesLog,
  AUTHOR = {Franz Baader and Ian Horrocks and Ulrike Sattler},
  BOOKTITLE = {Handbook of Knowledge Representation},
  CHAPTER = {3},
  DATE-ADDED = {2007-07-25 18:14:15 +0100},
  DATE-MODIFIED = {2011-09-01 20:15:01 +0100},
  EDITOR = {Frank {van Harmelen} and Vladimir Lifschitz and Bruce
		  Porter},
  PAGES = {135--180},
  PUBLISHER = {Elsevier},
  TITLE = {{D}escription {L}ogics},
  URL = {download/2007/BaHS07a.pdf},
  YEAR = {2008},
  BDSK-URL-1 = {download/2007/BaHS07a.pdf}
}

@article{protegeManual,
    author = {Horridge, Matthew and Knublauch, Holger and Rector, Alan and Stevens, Robert and Wroe, Chris},
    citeulike-article-id = {903984},
    citeulike-linkout-0 = {http://www.co-ode.org/resources/tutorials/ProtegeOWLTutorial.pdf},
    day = {27},
    keywords = {ontology, owl, pizza, protege, racer, stanford, tutorial},
    month = aug,
    posted-at = {2008-08-26 23:10:37},
    priority = {0},
    school = {The University Of Manchester},
    title = {{A Practical Guide To Building OWL Ontologies Using The Protege-OWL Plugin and CO-ODE Tools Edition 1.0}},
    url = {http://www.co-ode.org/resources/tutorials/ProtegeOWLTutorial.pdf},
    year = {2004}
}

@incollection{protege,
    address = {Berlin, Heidelberg},
    author = {Knublauch, Holger and Fergerson, Ray W. and Noy, Natalya F. and Musen, Mark A.},
    booktitle = {The Semantic Web - ISWC 2004},
    chapter = {17},
    citeulike-article-id = {3157486},
    citeulike-linkout-0 = {http://dx.doi.org/10.1007/978-3-540-30475-3\_17},
    citeulike-linkout-1 = {http://www.springerlink.com/content/uwyk3rugfqx583cp},
    doi = {10.1007/978-3-540-30475-3\_17},
    editor = {McIlraith,, Sheila .. and Plexousakis,, Dimitris and van, Harmelen, r. a. n. k.},
    isbn = {978-3-540-23798-3},
    journal = {The Semantic Web - ISWC 2004},
    keywords = {browser, development, editor, engineering, ontology, owl, protege, semantic, stanford, web},
    pages = {229--243},
    posted-at = {2008-08-27 00:29:33},
    priority = {0},
    publisher = {Springer Berlin / Heidelberg},
    series = {Lecture Notes in Computer Science},
    title = {{The Prot\'{e}g\'{e} OWL Plugin: An Open Development Environment for Semantic Web Applications}},
    url = {http://dx.doi.org/10.1007/978-3-540-30475-3\_17},
    volume = {3298},
    year = {2004}
}

@INPROCEEDINGS{SurvOnto, 
author={Aruna, T. and Saranya, K. and Bhandari, C.}, 
booktitle={Process Automation, Control and Computing (PACC), 2011 International Conference on}, 
title={A Survey on Ontology Evaluation Tools}, 
year={2011}, 
pages={1-5}, 
keywords={ontologies (artificial intelligence);semantic Web;industrial standards;large-scale ontology solutions;ontology evaluation tools;semantic Web;Measurement;Ontologies;Semantics;Syntactics;Taxonomy;Usability}, 
doi={10.1109/PACC.2011.5978931},}

@article{Buraga2006,
author = {Buraga, Sabin Corneliu and Cojocaru, Liliana and Nichifor, Ovidiu},
journal = {Buletinul Stiintific al Universitatii Politehnica din Timisoara},
keywords = {comparison; concerning ontologies; including several important aspects; knowledge; ontology; owl; presentation of semantic web; representation; semantic web; software tool; technologies is provided},
pages = {1-6},
title = {{Survey on Web Ontology Editing Tools}},
url = {http://thor.info.uaic.ro/~busaco/publications/articles/web-ontology-tool-survey.pdf},
year = {2006}
}

@inproceedings{Rios-alvarado_asemantic,
  author    = {Ana B. Rios-Alvarado and
               R. Carolina Medina Ram\'{\i}rez and
               Ricardo Marcel\'{\i}n-Jim{\'e}nez},
  title     = {A Semantic Web Approach to Represent and Retrieve Information
               in a Corporate Memory},
  booktitle = {OWL: Experiences and Directions Workshop (OWLED)},
  year      = {2009},
  url = {http://ceur-ws.org/Vol-529/owled2009_submission_45.pdf}
}

@inproceedings{InfEng,
 author = {Singh, Swapna and Karwayun, Ragini},
 title = {A Comparative Study of Inference Engines},
 booktitle = {Proceedings of the 2010 Seventh International Conference on Information Technology: New Generations},
 series = {ITNG '10},
 year = {2010},
 isbn = {978-0-7695-3984-3},
 pages = {53--57},
 numpages = {5},
 url = {http://dx.doi.org/10.1109/ITNG.2010.198},
 doi = {10.1109/ITNG.2010.198},
 acmid = {1848651},
 publisher = {IEEE Computer Society},
 address = {Washington, DC, USA},
 keywords = {Inference Engine, Knowledge Representation, Logical Reasoning, Semantic Web}
} 

@article{Mishra2011,
 author = {Mishra, R. B. and Kumar, Sandeep},
 title = {Semantic web reasoners and languages},
 journal = {Artif. Intell. Rev.},
 issue_date = {April     2011},
 volume = {35},
 number = {4},
 month = apr,
 year = {2011},
 issn = {0269-2821},
 pages = {339--368},
 numpages = {30},
 url = {http://dx.doi.org/10.1007/s10462-010-9197-3},
 doi = {10.1007/s10462-010-9197-3},
 acmid = {1969399},
 publisher = {Kluwer Academic Publishers},
 address = {Norwell, MA, USA},
 keywords = {Description logic, Languages, Reasoners, Semantic web}
} 

@article{Perez2009,
 author = {P{\'e}rez, Jorge and Arenas, Marcelo and Gutierrez, Claudio},
 title = {Semantics and complexity of SPARQL},
 journal = {ACM Trans. Database Syst.},
 issue_date = {August 2009},
 volume = {34},
 number = {3},
 month = sep,
 year = {2009},
 issn = {0362-5915},
 pages = {16:1--16:45},
 articleno = {16},
 numpages = {45},
 url = {http://doi.acm.org/10.1145/1567274.1567278},
 doi = {10.1145/1567274.1567278},
 acmid = {1567278},
 publisher = {ACM},
 address = {New York, NY, USA},
 keywords = {Complexity, RDF, SPARQL, query language, semantic Web}
}

@book{TeoOrg-James,
    author = {March, James G. and Simon, Herbert A. and Guetzkow, Harold S.},
    publisher = {Ariel},
    title = {Teor\'\i{}a de la Organizaci\'on},
    year = {1987}
}

@book{TeoOrg-Richard,
    author = {Daft, Richard L.},
    publisher = {Cengage Learning},
    title = {Teor\'\i{}a Y Dise\~no Organizacional},
	 isbn = {978-9706867537},
    year = {2007},
	 edition = {09}
}

@book{TeoAdmon-Reinaldo,
    author = {Silva, Reinaldo O.},
    publisher = {Thomson},
    title = {Teor\'\i{}as de la administraci\'on},
	 isbn = {9706862242},
    year = {2002},
	 edition = {01}
}

@book{DisOrg-Gilli,
    author = {Gilli, Juan J.},
    publisher = {Granica},
    title = {Dise\~no organizativo: estructura y procesos},
	 isbn = {978-9506415143},
    year = {2007}
}

@article{OntoTecRrpKnw,
	author = {Torcoroma Vel\'asquez P\'erez and Andr\'es Puentes Vel\'asquez and Jaime Guzm\'an Luna},
	title = {Ontologias: una tecnica de representacion de conocimiento},
	journal = {Avances en Sistemas e Inform\'atica},
	volume = {8},
	number = {2},
	year = {2011},
	keywords = {Web Sem\'antica; Ontolog\'\i{}as; Owl; Xml.},
	abstract = {Se presentan a continuación los aspectos relevantes de la Ingeniería Ontológica como técnica efectiva para la representación de conocimiento. Iniciando con la conceptualización de la web semántica y el papel que juegan las ontologías dentro de la arquitectura de la web semántica; se exploran aspectos de las metodologías de desarrollo de ontologías más utilizadas, así como también, se exponen diversas herramientas requeridas para acceder al conocimiento almacenado en dichas ontologías. Con algunos casos de estudio de representación ontológica de flora y fauna Colombiana se utilizan las herramientas estudiadas anteriormente mostrando resultados favorables en la recuperación de la información de las ontologías.},
	issn = {1909-0056},
	url = {http://www.revista.unal.edu.co/index.php/avances/article/view/26750}
}

@incollection{Staab,
year={2009},
isbn={978-3-540-70999-2},
booktitle={Handbook on Ontologies},
series={International Handbooks on Information Systems},
editor={Staab, Steffen and Studer, Rudi},
doi={10.1007/978-3-540-92673-3_0},
title={What Is an Ontology?},
url={http://dx.doi.org/10.1007/978-3-540-92673-3_0},
publisher={Springer Berlin Heidelberg},
author={Guarino, Nicola and Oberle, Daniel and Staab, Steffen},
pages={1-17},
language={English}
}

@article{Gruber,
 author = {Gruber, Thomas R.},
 title = {A translation approach to portable ontology specifications},
 journal = {Knowl. Acquis.},
 issue_date = {June 1993},
 volume = {5},
 number = {2},
 month = jun,
 year = {1993},
 issn = {1042-8143},
 pages = {199--220},
 numpages = {22},
 url = {http://dx.doi.org/10.1006/knac.1993.1008},
 doi = {10.1006/knac.1993.1008},
 acmid = {173747},
 publisher = {Academic Press Ltd.},
 address = {London, UK, UK}
}

@techreport{Magdalena,
    url = {http://hal.inria.fr/inria-00073203},
    title = {{Introducci\'on a las L\'ogicas Descriptivas}},
    author = {Ortiz, Magdalena},
    language = {Spanish},
    affiliation = {Institute of Information Systems},
    institution = {Vienna University of Technology},
    year = {2009},
    month = June
}

@book{PatdigRDF,
    author = {Carreras, C\'esar and Munilla, Gloria},
    publisher = {Universitat Oberta de Catalunya},
    title = {Patrimonio digital un nuevo medio al servicio de las instituciones culturales},
	isbn = {9788497882149},
    year = {2005}
}

@rfc{UTF2279,
 author = {Yergeau, F.},
 title = {UTF-8, a transformation format of ISO 10646},
 year = {1998},
 publisher = {RFC Editor},
 address = {United States}
} 

@article{SemWebTim,
 author = {Shadbolt, Nigel and Berners-Lee, Tim and Hall, Wendy},
 title = {The Semantic Web Revisited},
 journal = {IEEE Intelligent Systems},
 issue_date = {May 2006},
 volume = {21},
 number = {3},
 month = may,
 year = {2006},
 issn = {1541-1672},
 pages = {96--101},
 numpages = {6},
 url = {http://dx.doi.org/10.1109/MIS.2006.62},
 doi = {10.1109/MIS.2006.62},
 acmid = {1155373},
 publisher = {IEEE Educational Activities Department},
 address = {Piscataway, NJ, USA},
 keywords = {Semantic Web, Semantic Web, semantic networks, standards, e-science, Web services, Web services, e-science, semantic networks, standards}
}

@ARTICLE{SwarmComp, 
author={Gueret, C. and Schlobach, S. and Dentler, K. and Schut, M. and Eiben, G.}, 
journal={Computational Intelligence Magazine, IEEE}, 
title={Evolutionary and Swarm Computing for the Semantic Web}, 
year={2012}, 
volume={7}, 
number={2}, 
pages={16-31}, 
keywords={evolutionary computation;inference mechanisms;problem solving;semantic Web;uncertainty handling;Linked Data;computational intelligence;database technology;evolutionary computing;expressive knowledge representation formalism;high-performance computing;machine interpretable data sets;machine readable data sets;primitive reasoning tasks;problem solving methods;reasoning tasks;semantic Web;soft computing methods;standard representation languages;swarm algorithm;swarm computing;Distributed databases;Evolutionary computation;Heuristic algorithms;Particle swarm optimization;Problem-solving;Resource description framework;Semantic Web;Semantics}, 
doi={10.1109/MCI.2012.2188583}, 
ISSN={1556-603X}}

@INPROCEEDINGS{SPARQL, 
author={Fujino, T. and Fukuta, N.}, 
booktitle={Advanced Applied Informatics (IIAIAAI), 2012 IIAI International Conference on}, 
title={A SPARQL Query Rewriting Approach on Heterogeneous Ontologies with Mapping Reliability}, 
year={2012}, 
pages={230-235}, 
keywords={ontologies (artificial intelligence);query languages;semantic Web;RDF data;SPARQL endpoints;SPARQL queries;SPARQL query rewriting approach;heterogeneous ontologies;mapping reliability;ontology mappings;query semantic data;semantic Web data;standard query language;Educational institutions;Informatics;Ontologies;Resource description framework;Semantics;Standards;Syntactics;SPARQL;Semantic Web;federated query;ontology}, 
doi={10.1109/IIAI-AAI.2012.54}}

@article{YunLin,
 author = {Lin, Yun and Krogstie, John},
 title = {Semantic Annotation of Process Models for Facilitating Process Knowledge Management},
 journal = {Int. J. Inf. Syst. Model. Des.},
 issue_date = {July 2010},
 volume = {1},
 number = {3},
 month = jul,
 year = {2010},
 issn = {1947-8186},
 pages = {45--67},
 numpages = {23},
 url = {http://dx.doi.org/10.4018/jismd.2010070103},
 doi = {10.4018/jismd.2010070103},
 acmid = {2439479},
 publisher = {IGI Global},
 address = {Hershey, PA, USA},
 keywords = {Enterprise Process Models, Ontology, Process Knowledge Management, Semantic Annotation, Semantic Heterogeneity}
} 

@article{OntoBasDoc,
    abstract = {{Metadata is used to describe documents and applications, improving information seeking and retrieval and its understanding and use. Metadata can be expressed in a wide variety of vocabularies and languages, and can be created and maintained with a variety of tools. Ontology based annotation refers to the process of creating metadata using ontologies as their vocabularies. We present similarities and differences with respect to other approaches for metadata creation, and describe languages and tools that can be used to implement these annotations.}},
    address = {Geneva, SWITZERLAND},
    author = {Corcho, Oscar},
    citeulike-article-id = {8176513},
    citeulike-linkout-0 = {http://portal.acm.org/citation.cfm?id=1359872},
    citeulike-linkout-1 = {http://dx.doi.org/10.1504/ijmso.2006.008769},
    doi = {10.1504/ijmso.2006.008769},
    issn = {1744-2621},
    journal = {Int. J. Metadata Semant. Ontologies},
    number = {1},
    pages = {47--57},
    posted-at = {2010-11-02 12:29:01},
    priority = {2},
    publisher = {Inderscience Publishers},
    title = {{Ontology based document annotation: trends and open research problems}},
    url = {http://dx.doi.org/10.1504/ijmso.2006.008769},
    volume = {1},
    year = {2006}
}

@article{dbpedia_2012,
abstract = {Purpose - DBpedia extracts structured information from Wikipedia,  interlinks it with other knowledge bases and freely publishes the  results on the Web using Linked Data and SPARQL. However, the DBpedia  release process is heavy-weight and releases are sometimes based  on several months old data. DBpedia-Live solves this problem by providing  a live synchronization method based on the update stream of Wikipedia.      Design/methodology/approach - Wikipedia provides DBpedia with a continuous  stream of updates, i.e. a stream of recently updated articles. DBpedia-Live  processes that stream on the fly to obtain RDF data and stores the  extracted data back to DBpedia. DBpedia-Live publishes the newly  added/deleted triples in files, in order to enable synchronization  between our DBpedia endpoint and other DBpedia mirrors.      Findings - During the realization of DBpedia-Live we learned, that  it is crucial to process Wikipedia updates in a priority queue. Recently-updated  Wikipedia articles should have the highest priority, over mapping-changes  and unmodified pages. An overall finding is that there is a plenty  of opportunities arising from the emerging Web of Data for librarians.      Practical implications - DBpedia had and has a great effect on the  Web of Data and became a crystallization point for it. Many companies  and researchers use DBpedia and its public services to improve their  applications and research approaches. The DBpedia-Live framework  improves DBpedia further by timely synchronizing it with Wikipedia,  which is relevant for many use cases requiring up-to-date information.      Originality/value - The new DBpedia-Live framework adds new features  to the old DBpedia-Live framework, e.g. abstract extraction, ontology  changes, and changesets publication.},
  added-at = {2013-10-06T14:42:50.000+0200},
  author = {Morsey, Mohamed and Lehmann, Jens and Auer, S{\"o}ren and Stadler, Claus and Hellmann, Sebastian},
  bdsk-url-1 = {http://svn.aksw.org/papers/2011/DBpedia_Live/public.pdf},
  biburl = {http://www.bibsonomy.org/bibtex/25c5751842300f144af2ed7c7ad5b4742/aksw},
  date-modified = {2012-12-02 13:06:10 +0000},
  interhash = {f101a3d518e1777b11022677497de853},
  intrahash = {5c5751842300f144af2ed7c7ad5b4742},
  journal = {Program: electronic library and information systems},
  keywords = {2012 MOLE auer group_aksw hellmann lehmann morsey stadler sys:relevantFor:bis sys:relevantFor:lod2},
  modified = {2012-12-02 13:06:10 +0000},
  owner = {mohamed},
  pages = 27,
  timestamp = {2013-10-06T14:42:50.000+0200},
  title = {{DB}pedia and the {L}ive {E}xtraction of {S}tructured {D}ata from  {W}ikipedia},
  url = {http://svn.aksw.org/papers/2011/DBpedia_Live/public.pdf},
  volume = 46,
  year = 2012
}

@inproceedings{stardog,
  added-at = {2012-05-29T00:00:00.000+0200},
  author = {Cerans, Karlis and Barzdins, Guntis and Liepins, Renars and Ovcinnikova, Julija and Rikacovs, Sergejs and Sprogis, Arturs},
  biburl = {http://www.bibsonomy.org/bibtex/2f7d856fddbc4d9a71b3bb9e4efdf9011/dblp},
  booktitle = {OWLED},
  crossref = {conf/owled/2012},
  editor = {Klinov, Pavel and Horridge, Matthew},
  ee = {http://ceur-ws.org/Vol-849/paper_19.pdf},
  interhash = {91155bc933a3d4e01dcb0e3e997b9c7c},
  intrahash = {f7d856fddbc4d9a71b3bb9e4efdf9011},
  keywords = {dblp},
  publisher = {CEUR-WS.org},
  series = {CEUR Workshop Proceedings},
  timestamp = {2012-05-29T00:00:00.000+0200},
  title = {Graphical Schema Editing for Stardog OWL/RDF Databases using OWLGrEd/S.},
  url = {http://dblp.uni-trier.de/db/conf/owled/owled2012.html#CeransBLORS12},
  volume = 849,
  year = 2012
}

@INPROCEEDINGS{Fstore, 
author={Salvadores, M. and Correndo, G. and Omitola, T. and Gibbins, N. and Harris, S. and Shadbolt, N.}, 
booktitle={Web Intelligence and Intelligent Agent Technology (WI-IAT), 2010 IEEE/WIC/ACM International Conference on}, 
title={4s-reasoner: RDFS Backward Chained Reasoning Support in 4store}, 
year={2010}, 
volume={3}, 
pages={261-264}, 
keywords={inference mechanisms;knowledge representation languages;pattern clustering;query processing;4s-reasoner;4store;GNU license;RDFS backward chained reasoning support;commodity server;import phase;query phase;resource description framework;Benchmark testing;Cognition;Engines;Resource description framework;Semantics;Servers;4store;backward reasoning;rdfs;semantic web}, 
doi={10.1109/WI-IAT.2010.35}
}

@inproceedings{Sesame,
 author = {Broekstra, Jeen and Kampman, Arjohn and Harmelen, Frank van},
 title = {Sesame: A Generic Architecture for Storing and Querying RDF and RDF Schema},
 booktitle = {Proceedings of the First International Semantic Web Conference on The Semantic Web},
 series = {ISWC '02},
 year = {2002},
 isbn = {3-540-43760-6},
 pages = {54--68},
 numpages = {15},
 url = {http://dl.acm.org/citation.cfm?id=646996.711426},
 acmid = {711426},
 publisher = {Springer-Verlag},
 address = {London, UK, UK}
} 

@INPROCEEDINGS{Tode, 
author={Islam, N. and Siddiqui, M.S. and Shaikh, Z.A.}, 
booktitle={Computer Engineering and Technology (ICCET), 2010 2nd International Conference on}, 
title={TODE : A Dot Net based tool for ontology development and editing}, 
year={2010}, 
volume={6}, 
pages={V6-229-V6-233}, 
keywords={Internet;ontologies (artificial intelligence);semantic Web;Dot Net based ontology editing tool;Ontolingua;Prote?ge?;TODE;W3C compliant;Web contents;WebODE;World-Wide-Web;consistency checkers;open source languages;semantic Web;Java;Microstrip;OWL;Ontologies;Pervasive computing;Resource description framework;Semantic Web;Ubiquitous computing;Visualization;Vocabulary;Dot Net based tool;Ontology Editor;Profile Ontology;Semantic Web;TODE}, 
doi={10.1109/ICCET.2010.5486292}
}

@inproceedings{pow,
  added-at = {2013-10-06T14:41:06.000+0200},
  author = {Auer, S{\"o}ren},
  biburl = {http://www.bibsonomy.org/bibtex/27638840ddc159c2c8c1d11e4d264a9e8/aksw},
  booktitle = {Proceeding of 1st Workshop Scripting for the Semantic Web (SFSW'05),  Hersonissos, Greece, May 30},
  interhash = {829006524e1b44697836392e6b4d915d},
  intrahash = {7638840ddc159c2c8c1d11e4d264a9e8},
  keywords = {2005 auer event_sfsw group_aksw sys:relevantFor:bis sys:relevantFor:infai},
  month = May,
  owner = {alex},
  publisher = {CEUR Workshop Proceedings},
  timestamp = {2013-10-06T14:41:06.000+0200},
  title = {Powl - A Web Based Platform for Collaborative Semantic Web Development},
  year = 2005
}

@incollection{OntologyManagement,
year={2008},
isbn={978-0-387-69899-1},
booktitle={Ontology Management},
volume={7},
series={Computing for Human Experience},
editor={Hepp, Martin and Leenheer, Pieter and Moor, Aldo and Sure, York},
doi={10.1007/978-0-387-69900-4_3},
title={Ontology Management Infrastructures},
url={http://dx.doi.org/10.1007/978-0-387-69900-4_3},
publisher={Springer US},
keywords={Ontology management; OWL; reasoner; registry; repository; rules},
author={Waterfeld, Walter and Weiten, Moritz and Haase, Peter},
pages={59-87}
}

@article{swoop,
 author = {Kalyanpur, Aditya and Parsia, Bijan and Sirin, Evren and Grau, Bernardo Cuenca and Hendler, James},
 title = {Swoop: A Web Ontology Editing Browser},
 journal = {Web Semant.},
 issue_date = {June, 2006},
 volume = {4},
 number = {2},
 month = jun,
 year = {2006},
 issn = {1570-8268},
 pages = {144--153},
 numpages = {10},
 url = {http://dx.doi.org/10.1016/j.websem.2005.10.001},
 doi = {10.1016/j.websem.2005.10.001},
 acmid = {1747399},
 publisher = {Elsevier Science Publishers B. V.},
 address = {Amsterdam, The Netherlands, The Netherlands},
 keywords = {OWL, Ontology engineering, Systems}
}

@proceedings{Archetype ,
    abstract = {{One of the basic needs for any healthcare professional is to be able to access to clinical information of patients in an understandable and normalized way. The lifelong clinical information of any person supported by electronic means configures his/her Electronic Health Record (EHR). This information is usually distributed among several independent and heterogeneous systems that may be syntactically or semantically incompatible. The Dual Model architecture has appeared as a new proposal for maintaining a homogeneous representation of the EHR with a clear separation between information and knowledge. Information is represented by a Reference Model which describes common data structures with minimal semantics. Knowledge is specified by archetypes, which are formal representations of clinical concepts built upon a particular Reference Model. This kind of architecture is originally thought for implantation of new clinical information systems, but archetypes can be also used for integrating data of existing and not normalized systems, adding at the same time a semantic meaning to the integrated data. In this paper we explain the possible use of a Dual Model approach for semantic integration and standardization of heterogeneous clinical data sources and present LinkEHR-Ed, a tool for developing archetypes as elements for integration purposes. LinkEHR-Ed has been designed to be easily used by the two main participants of the creation process of archetypes for clinical data integration: the Health domain expert and the Information Technologies domain expert}},
    author = {Moner, David and Maldonado, Jose A. and Bosca, Diego and Fernandez, Jesualdo T. and Angulo, Carlos and Crespo, Pere and Vivancos, Pedro J. and Robles, Montserrat},
    booktitle = {Engineering in Medicine and Biology Society, 2006. EMBS '06. 28th Annual International Conference of the IEEE},
    citeulike-article-id = {1930696},
    citeulike-linkout-0 = {http://ieeexplore.ieee.org/xpls/abs\_all.jsp?arnumber=4029275},
    journal = {Engineering in Medicine and Biology Society, 2006. EMBS '06. 28th Annual International Conference of the IEEE},
    keywords = {bio-ontologies},
    pages = {5141--5144},
    posted-at = {2007-11-17 15:31:29},
    priority = {2},
    title = {{Archetype-Based Semantic Integration and Standardization of Clinical Data}},
    url = {http://ieeexplore.ieee.org/xpls/abs\_all.jsp?arnumber=4029275},
    year = {2006}
}

@INPROCEEDINGS{Accommodation, 
author={Kai Yang and Steele, R.}, 
booktitle={Industrial Electronics and Applications (ICIEA), 2011 6th IEEE Conference on}, 
title={A semantic integration solution for online accommodation information integration}, 
year={2011}, 
pages={1105-1110}, 
keywords={Internet;data handling;ontologies (artificial intelligence);Internet;Web;data integration;online accommodation information integration;ontology-based semantic integration approach;wrapper-mediator approach;Communities;Data models;Distributed databases;Ontologies;Prototypes;Semantics;XML}, 
doi={10.1109/ICIEA.2011.5975752}, 
ISSN={pending}}

@BOOK{Led2004,
    AUTHOR       = "S. Deorowicz and A. Sk\'orczy\'nski",
    TITLE        = "LEd documentation",
    PUBLISHER    = "",
    YEAR         = "2004",
    VOLUME       = "",
    SERIES       = "",
    ADDRESS      = "",
    EDITION      = "",
    MONTH        = "",
    NOTE         = ""
}

% ********** End of bibliography **********
